<?xml version="1.0" encoding="UTF-8"?><collection xmlns="http://www.loc.gov/MARC21/slim"><record><leader>00379nam--2200133-i-4500</leader><controlfield tag="001">000044815</controlfield><controlfield tag="002">20161230</controlfield><controlfield tag="005">20161230201044</controlfield><controlfield tag="008">060222s1000------------r-----000-0-eng-d</controlfield><datafield ind1=" " ind2=" " tag="080"><subfield code="a">621.396.029.62</subfield></datafield><datafield ind1=" " ind2=" " tag="100"><subfield code="a">Thomson, John</subfield></datafield><datafield ind1=" " ind2=" " tag="245"><subfield code="a">Radio communication at ultra ligh frequency. with 3 plates and 85 diagrams</subfield></datafield><datafield ind1=" " ind2=" " tag="260"><subfield code="a">London, Methuen, 1950, Xix + 203p. + 3pl</subfield></datafield><datafield ind1=" " ind2=" " tag="852"><subfield code="a">2670</subfield></datafield></record></collection>